<?xml version="1.0" encoding="UTF-8"?><record xmlns="http://www.loc.gov/MARC21/slim" xmlns:cinclude="http://apache.org/cocoon/include/1.0" xmlns:zs="http://www.loc.gov/zing/srw/">
  <leader>00423cz  a2200133n  4500</leader>
  <controlfield tag="001">n  83032864 </controlfield>
  <controlfield tag="003">DLC</controlfield>
  <controlfield tag="005">20081220075710.0</controlfield>
  <controlfield tag="008">830302n| acannaabn          |n ana      </controlfield>
  <datafield tag="010" ind1=" " ind2=" ">
    <subfield code="a">n  83032864 </subfield>
  </datafield>
  <datafield tag="035" ind1=" " ind2=" ">
    <subfield code="a">(OCoLC)oca00922900</subfield>
  </datafield>
  <datafield tag="040" ind1=" " ind2=" ">
    <subfield code="a">DLC</subfield>
    <subfield code="b">eng</subfield>
    <subfield code="c">DLC</subfield>
    <subfield code="d">OCoLC</subfield>
  </datafield>
  <datafield tag="110" ind1="1" ind2=" ">
    <subfield code="a">Sweden.</subfield>
    <subfield code="b">Byggprisutredningen</subfield>
  </datafield>
  <datafield tag="670" ind1=" " ind2=" ">
    <subfield code="a">Its Prisutvecklingen inom bostadsbyggandet och dess orsaker, 1982:</subfield>
    <subfield code="b">t.p. (Byggprisutredningen) p. 3 (est. 1980)</subfield>
  </datafield>
</record>